@online{heinrich,
	author = "Dr. Mark Heinrich",
	title = "Senior Design I"
}